<collection xmlns="http://www.loc.gov/MARC21/slim"><record><leader>00650nam  2200229   450</leader><controlfield tag="001">314</controlfield><controlfield tag="003">http://montalegre.opacnet.com/OPAC/default.aspx?ContentAreaControl=ShowRegHoldings.ascx&amp;RegNo=16662</controlfield><datafield tag="021" ind1=" " ind2=" "><subfield code="a">PT</subfield><subfield code="b">26803/89</subfield></datafield><datafield tag="095" ind1=" " ind2=" "><subfield code="a">PTBN00203556</subfield></datafield><datafield tag="100" ind1=" " ind2=" "><subfield code="a">19891115d1989    m  y0pory010305  ba</subfield></datafield><datafield tag="101" ind1="1" ind2=" "><subfield code="a">por</subfield><subfield code="c">eng</subfield></datafield><datafield tag="102" ind1=" " ind2=" "><subfield code="a">PT</subfield></datafield><datafield tag="105" ind1=" " ind2=" "><subfield code="a">y   z   000by</subfield></datafield><datafield tag="106" ind1=" " ind2=" "><subfield code="a">r</subfield></datafield><datafield tag="200" ind1="1" ind2=" "><subfield code="a">India Song</subfield><subfield code="f">Marguerite Duras</subfield></datafield><datafield tag="210" ind1=" " ind2=" "><subfield code="a">Lisboa</subfield><subfield code="c">Quetzal</subfield><subfield code="d">1989</subfield></datafield><datafield tag="215" ind1=" " ind2=" "><subfield code="a">142 p.</subfield><subfield code="d">20 cm</subfield></datafield><datafield tag="225" ind1="2" ind2=" "><subfield code="a">Graffiti</subfield></datafield><datafield tag="675" ind1=" " ind2=" "><subfield code="a">82-2</subfield></datafield><datafield tag="700" ind1=" " ind2="1"><subfield code="a">Duras</subfield><subfield code="b">Marguerite</subfield><subfield code="f">1914-1996</subfield></datafield><datafield tag="801" ind1=" " ind2="0"><subfield code="a">PT</subfield><subfield code="b">Biblioteca Municipal de Montalegre</subfield><subfield code="g">RPC</subfield></datafield><datafield tag="856" ind1=" " ind2=" "><subfield code="u">locateMedia.asp?cod=20060511142007&amp;ext=jpg</subfield><subfield code="z">CAPA</subfield></datafield><datafield tag="909" ind1="&#9;" ind2=" "><subfield code="a">1</subfield></datafield><datafield tag="966" ind1=" " ind2=" "><subfield code="a">0008493</subfield><subfield code="l">BMM</subfield><subfield code="s">SCG 82-2 DUR ind</subfield></datafield></record></collection>